<?xml version="1.0" encoding="UTF-8"?><collection><record><leader>05843ntm a22005892a 4500</leader><controlfield tag="001">006834041</controlfield><controlfield tag="003">MiAaHDL</controlfield><controlfield tag="005">20190719000000.0</controlfield><controlfield tag="006">m        d        </controlfield><controlfield tag="007">cr bn ---auaua</controlfield><controlfield tag="008">090702s18uu    xx            00| ||per d</controlfield><datafield tag="035" ind1=" " ind2=" "><subfield code="a">(MiU)006834041</subfield></datafield><datafield tag="035" ind1=" " ind2=" "><subfield code="a">sdr-miu006834041</subfield></datafield><datafield tag="040" ind1=" " ind2=" "><subfield code="a">MiU</subfield><subfield code="c">MiU</subfield><subfield code="e">amremm</subfield></datafield><datafield tag="041" ind1="1" ind2=" "><subfield code="a">per</subfield><subfield code="h">ara</subfield></datafield><datafield tag="043" ind1=" " ind2=" "><subfield code="a">n-us-mi</subfield></datafield><datafield tag="100" ind1="1" ind2=" "><subfield code="6">880-01</subfield><subfield code="a">Jamāl Qarshī, Muḥammad ibn ʻUmar,</subfield><subfield code="d">active 13th century.</subfield></datafield><datafield tag="240" ind1="1" ind2="0"><subfield code="6">880-02</subfield><subfield code="a">Ṣurāḥ al-lughah</subfield></datafield><datafield tag="245" ind1="1" ind2="0"><subfield code="6">880-03</subfield><subfield code="a">Hādhā Kitāb al-Ṣurāḥ fī al-lughah al-ʻArabīyah:</subfield><subfield code="b">muhktaṣar al-Ṣiḥāḥ,</subfield><subfield code="f">[19th century?].</subfield></datafield><datafield tag="246" ind1="3" ind2="8"><subfield code="a">صراح في الغريب</subfield></datafield><datafield tag="246" ind1="3" ind2=" "><subfield code="a">الصراح في اللغة</subfield></datafield><datafield tag="260" ind1=" " ind2=" "><subfield code="c">[18--?].</subfield></datafield><datafield tag="300" ind1=" " ind2=" "><subfield code="a">539 leaves :</subfield><subfield code="b">paper ;</subfield><subfield code="c">265 x 135 (205 x 100) mm. bound to 270 x 150 mm.</subfield></datafield><datafield tag="500" ind1=" " ind2=" "><subfield code="a">Shelfmark: Ann Arbor, University of Michigan, Special Collections Library, Isl. Ms. 1003</subfield></datafield><datafield tag="500" ind1=" " ind2=" "><subfield code="a">Origin: Lacks dated colophon ; paper, hand, etc. may suggest 19th century.</subfield></datafield><datafield tag="500" ind1=" " ind2=" "><subfield code="a">Former shelfmark: Mich. Isl. Ms. temp. no. 152</subfield></datafield><datafield tag="500" ind1=" " ind2=" "><subfield code="a">Binding: Boards covered in dark green textured cloth with dark green leather over spine (quarter binding) ; Western style binding ; pastedowns and flyleaves in wove paper printed with a floral vegetal pattern in green ; spine gold-stamped with "الصراح في الغريب | جمال القرشي | J.H.D." ; now sewn in white thread over recessed cords, false raised bands at spine ; overall in fairly good condition with minor fraying of cloth at board corners.</subfield></datafield><datafield tag="500" ind1=" " ind2=" "><subfield code="a">Support: non-European laid paper with 7 lines per cm. and chain lines unclear, cloudy formation with fibers visible, lightly burnished ; final leaf anomalous, European paper with 10 laid lines per cm. (vertical) and chain lines horizonal spaced 28 mm. apart ; insect damage throughout (small holes), some repaired with paper fills (sometimes partially obscuring text) ; edges and corners of some pages filled with non-European paper ; first page re-mounted on non-European paper ; water-damage (discoloration, cockled pages) ; on bottom corners of last few quires old adhesive from repairs causing several pages to stick together at edges.</subfield></datafield><datafield tag="500" ind1=" " ind2=" "><subfield code="a">Decoration: Occasional keywords and section headings rubricated ; overlining in red.</subfield></datafield><datafield tag="500" ind1=" " ind2=" "><subfield code="a">Script: Nastaʻlīq ; several hands ; all mainly serifless with effect of words descending to baseline, contrast in thickness between vertical and horizontal strokes, horizontal lengthening of letters, pointing in conjoined dots and stroke looking like upside down comma, use of hāʼ makhṭūfah for initial hāʼ and hāʼ mudghamah for medial hāʼ ; at pp.559-560 hand changes abruptly to much thinner line, more condensed with more words per line.</subfield></datafield><datafield tag="500" ind1=" " ind2=" "><subfield code="a">Layout: Written in 23-25 lines per page ; frame-ruled.</subfield></datafield><datafield tag="500" ind1=" " ind2=" "><subfield code="a">Collation: 66 IV (528), IV+3 (539) ; exclusively quaternions ; middle of the quire marks in the form of oblique strokes in black ink on top outer corner of right-hand page and bottom outer corner of left-hand page (sometimes one vertical stroke and one diagonal) ; catchwords present ; irregular Western numerals in pencil appear in top left corner of some rectos (see p.21, 81, 161, 201, etc.), reverse of text direction ; pagination in pencil, Western numerals, supplied during cataloguing.</subfield></datafield><datafield tag="500" ind1=" " ind2=" "><subfield code="a">Explicit: "الدخول كانهم اي من اجل الدخول و توضع موضوع علي قوله تع و منهم من"</subfield></datafield><datafield tag="500" ind1=" " ind2=" "><subfield code="a">Incipit: "قال الفقير الى مولاه الغني ... ابو الفضل محمد بن عمر بن خالد المدعو بجمال القرشي ... احمد الله وهو المحمود بكل اللغات وجلها واشكره وهو المشكور على كثير الهان ... وبعد فان صحاح اللغة دواء العلة لسقام الجهل وشقاء الغلة ازوي الفعل ..."</subfield></datafield><datafield tag="500" ind1=" " ind2=" "><subfield code="a">Title from inscription on 'title page' (p.1).</subfield></datafield><datafield tag="500" ind1=" " ind2=" "><subfield code="a">Ms. codex.</subfield></datafield><datafield tag="510" ind1="4" ind2=" "><subfield code="a">Ḥājjī Khalīfah. Kashf al-ẓunūn,</subfield><subfield code="c">iv 91 ; iv 101-2</subfield></datafield><datafield tag="510" ind1="4" ind2=" "><subfield code="a">Brockelmann, C. GAL,</subfield><subfield code="c">I 128 ; I 296</subfield></datafield><datafield tag="520" ind1="8" ind2=" "><subfield code="a">Fine copy of the abridgement and rendering into Persian by Abū al-Faz̤l Muḥammad ibn ʻUmar ibn Khālid Jamāl al-Qarshī of the renowned Arabic lexicon, Tāj al-lughah wa-ṣiḥāḥ al-ʻArabīyah, commonly known as al-Ṣiḥāḥ, by Abū Naṣr Ismāʻīl ibn Ḥammād al-Jawharī (d.1009?). Description provided mainly by Sarah Mirza.</subfield></datafield><datafield tag="538" ind1=" " ind2=" "><subfield code="a">Mode of access: Internet.</subfield></datafield><datafield tag="541" ind1=" " ind2=" "><subfield code="a">Acquired in the Fall of 1950.</subfield></datafield><datafield tag="546" ind1=" " ind2=" "><subfield code="a">Arabic and Persian.</subfield></datafield><datafield tag="561" ind1=" " ind2=" "><subfield code="a">On upper pastedown label with ex libris of James Heyworth-Dunne (d.1974), stamped with inventory number, "Ex Libris | J. Heyworth-Dunne | D. Lit. (London) | No. 8989" ; UM Library inscription on p.3 "Dunning | Heyworth-Dunne | 6-12-51 | 71955" ; occasional marginal gloss or correction in black ink ; notabilia (side-heads) in black ink.</subfield></datafield><datafield tag="600" ind1="1" ind2="0"><subfield code="a">Jawharī, Ismāʻīl ibn Ḥammād,</subfield><subfield code="d">-1003?</subfield><subfield code="t">Ṣiḥāḥ.</subfield></datafield><datafield tag="650" ind1=" " ind2="0"><subfield code="a">Manuscripts, Arabic</subfield><subfield code="z">Michigan</subfield><subfield code="z">Ann Arbor.</subfield></datafield><datafield tag="650" ind1=" " ind2="0"><subfield code="a">Manuscripts, Persian</subfield><subfield code="z">Michigan</subfield><subfield code="z">Ann Arbor.</subfield></datafield><datafield tag="650" ind1=" " ind2="0"><subfield code="a">Arabic language</subfield><subfield code="v">Dictionaries</subfield><subfield code="x">Persian.</subfield></datafield><datafield tag="700" ind1="1" ind2=" "><subfield code="a">Heyworth-Dunne, J.</subfield><subfield code="q">(James),</subfield><subfield code="e">former owner.</subfield></datafield><datafield tag="700" ind1="1" ind2=" "><subfield code="6">880-04</subfield><subfield code="a">Jawharī, Ismāʻīl ibn Ḥammād,</subfield><subfield code="d">-1003?</subfield><subfield code="t">Ṣiḥāḥ.</subfield><subfield code="l">Persian &amp; Arabic.</subfield><subfield code="k">Abridgement.</subfield></datafield><datafield tag="740" ind1="0" ind2=" "><subfield code="a">Tāj al-lughah wa-ṣiḥāḥ al-ʻArabīyah</subfield></datafield><datafield tag="773" ind1="0" ind2=" "><subfield code="a">Heyworth-Dunne Collection.</subfield></datafield><datafield tag="880" ind1="1" ind2=" "><subfield code="6">700-04/</subfield><subfield code="a">جوهري، اسماعيل بن حماد.</subfield><subfield code="t">صحاح.</subfield><subfield code="l">Persian &amp; Arabic</subfield><subfield code="k">مختصر.</subfield></datafield><datafield tag="880" ind1="1" ind2="0"><subfield code="6">245-03/</subfield><subfield code="a">هذا كتاب الصراح في اللغة العربية :</subfield><subfield code="b">مختصر الصحاح,</subfield><subfield code="f">[القرن 19م؟].</subfield></datafield><datafield tag="880" ind1="1" ind2="0"><subfield code="6">240-02/</subfield><subfield code="a">صراح اللغة</subfield></datafield><datafield tag="880" ind1="1" ind2=" "><subfield code="6">100-01/</subfield><subfield code="a">جمال القرشي, محمد بن عمر.</subfield></datafield><datafield tag="CID" ind1=" " ind2=" "><subfield code="a">006834041</subfield></datafield><datafield tag="DAT" ind1="0" ind2=" "><subfield code="a">20190719102641.0</subfield><subfield code="b">20190719000000.0</subfield></datafield><datafield tag="DAT" ind1="1" ind2=" "><subfield code="a">20190719090653.0</subfield><subfield code="b">2019-07-19T16:12:30Z</subfield></datafield><datafield tag="DAT" ind1="2" ind2=" "><subfield code="a">2015-10-02T18:00:03Z</subfield><subfield code="b">2015-02-24T21:00:04Z</subfield></datafield><datafield tag="CAT" ind1=" " ind2=" "><subfield code="a">SDR-MIU</subfield><subfield code="d">EX LIBRIS - ALEPH</subfield><subfield code="l">prepare.pl-004-008</subfield></datafield><datafield tag="FMT" ind1=" " ind2=" "><subfield code="a">BK</subfield></datafield><datafield tag="HOL" ind1=" " ind2=" "><subfield code="0">sdr-miu006834041</subfield><subfield code="a">MiU</subfield><subfield code="b">SDR</subfield><subfield code="c">MIU</subfield><subfield code="p">mdp.39015079131903</subfield><subfield code="s">MIU</subfield><subfield code="1">006834041</subfield></datafield><datafield tag="974" ind1=" " ind2=" "><subfield code="b">MIU</subfield><subfield code="c">MIU</subfield><subfield code="d">20190719</subfield><subfield code="s">lit-dlps-dc</subfield><subfield code="u">mdp.39015079131903</subfield><subfield code="y">1899</subfield><subfield code="r">pd</subfield><subfield code="q">exp</subfield></datafield></record></collection>